% Encoding: UTF-8

@Book{Shiye,
  title  = {几何的有名定理},
  year   = {1986},
  author = {矢野健太郎},
}

@Book{Kline,
  title  = {古今数学思想},
  year   = {2002},
  author = {克莱因},
}

@Book{quanjing,
  title   = {商高、赵爽与刘徽关于勾股定理的证明},
  year    = {1998},
  author  = {曲安京},
  volume  = {20},
  number  = {3},
  journal = {数学传播},
}

@Comment{jabref-meta: databaseType:bibtex;}
